<record><leader>00000cas a2200000 a 4500</leader><controlfield tag="001">11891709</controlfield><controlfield tag="008">850408d18821882ksuwr ne      0   a0eng d</controlfield><datafield ind1=" " ind2=" " tag="010"><subfield code="a">sn 85031154 </subfield></datafield><datafield ind1=" " ind2=" " tag="040"><subfield code="a">KSH</subfield><subfield code="b">eng</subfield><subfield code="c">KSH</subfield><subfield code="d">NPT</subfield><subfield code="d">OCL</subfield><subfield code="d">OCLCQ</subfield></datafield><datafield ind1="0" ind2=" " tag="041"><subfield code="a">eng</subfield><subfield code="a">swe</subfield></datafield><datafield ind1=" " ind2=" " tag="042"><subfield code="a">msc</subfield></datafield><datafield ind1="0" ind2="0" tag="245"><subfield code="a">Industrial liberator.</subfield></datafield><datafield ind1=" " ind2=" " tag="260"><subfield code="a">M'Pherson [i.e. McPherson], Kan. :</subfield><subfield code="b">[Shelden &amp; Hall],</subfield><subfield code="c">1882.</subfield></datafield><datafield ind1=" " ind2=" " tag="300"><subfield code="a">1 volume ;</subfield><subfield code="c">53 cm</subfield></datafield><datafield ind1=" " ind2=" " tag="310"><subfield code="a">Weekly</subfield></datafield><datafield ind1=" " ind2=" " tag="336"><subfield code="a">text</subfield><subfield code="b">txt</subfield><subfield code="2">rdacontent</subfield></datafield><datafield ind1=" " ind2=" " tag="337"><subfield code="a">unmediated</subfield><subfield code="b">n</subfield><subfield code="2">rdamedia</subfield></datafield><datafield ind1=" " ind2=" " tag="338"><subfield code="a">volume</subfield><subfield code="b">nc</subfield><subfield code="2">rdacarrier</subfield></datafield><datafield ind1="0" ind2=" " tag="362"><subfield code="a">Vol. 1, no. 27 (Feb. 9, 1882)-v. 2, no. 3 (Aug. 26, 1882).</subfield></datafield><datafield ind1=" " ind2=" " tag="500"><subfield code="a">"Greenback reform party;" labor.</subfield></datafield><datafield ind1=" " ind2=" " tag="546"><subfield code="a">In English with some articles in Swedish.</subfield></datafield><datafield ind1=" " ind2=" " tag="752"><subfield code="a">United States</subfield><subfield code="b">Kansas</subfield><subfield code="c">McPherson</subfield><subfield code="d">McPherson.</subfield></datafield><datafield ind1="0" ind2="0" tag="785"><subfield code="t">M'Pherson independent</subfield><subfield code="w">(DLC)sn 85031125</subfield></datafield></record>